@misc{ wiki:wiretransfer,
    author = {Wikipedia},
    title = {Wire transfer --- Wikipedia, The Free Encyclopedia},
    year = {2012},
    url = {\url{http://en.wikipedia.org/w/index.php?title=Wire_transfer\&oldid=479393690}},
    note = {Online; accessed 29-April-2012}
}
